@InProceedings{uninitvar,
author="Nguyen, Thi Viet Nga
and Irigoin, Fran{\c{c}}ois
and Ancourt, Corinne
and Coelho, Fabien",
editor="Hedin, G{\"o}rel",
title="Automatic Detection of Uninitialized Variables",
booktitle="Compiler Construction",
year="2003",
publisher="Springer Berlin Heidelberg",
address="Berlin, Heidelberg",
pages="217--231"}

@book{dragonbook,
author = {Aho, Alfred V. and Lam, Monica S. and Sethi, Ravi and Ullman, Jeffrey D.},
title = {Compilers: Principles, Techniques, and Tools (2nd Edition)},
year = {2006},
isbn = {0321486811},
publisher = {Addison-Wesley Longman Publishing Co., Inc.},
address = {USA}
}
